@article{bengio1999markovian,
  title={Markovian models for sequential data},
  author={Bengio, Yoshua},
  journal={Neural computing surveys},
  volume={2},
  number={199},
  pages={129--162},
  year={1999}
}

@incollection{bishop1995neural,
  title={Neural Networks for Pattern Recognition},
  author={Bishop, Christopher M},
  year={1995},
  chapter=6,
  publisher={Oxford University Press}
}

@article{rabiner1989tutorial,
  title={A tutorial on hidden Markov models and selected applications in speech recognition},
  author={Rabiner, Lawrence R},
  journal={Proceedings of the IEEE},
  volume={77},
  number={2},
  pages={257--286},
  year={1989},
  publisher={Ieee}
}

@article{lafferty2001conditional,
  title={Conditional random fields: Probabilistic models for segmenting and labeling sequence data},
  author={Lafferty, John and McCallum, Andrew and Pereira, Fernando CN},
  year={2001}
}
% TODO: Change this to published reference

@book{bourlard1994connectionist,
  title={Connectionist Speech Recognition: A Hybrid Approach},
  author={Bourlard, Herve A and Morgan, Nelson},
  year={1994},
  publisher={Kluwer Academic Publishers}
}

@article{werbos1990bptt,
  title={Backpropagation through time: what it does and how to do it},
  author={Werbos, Paul J},
  journal={Proceedings of the IEEE},
  volume={78},
  number={10},
  pages={1550--1560},
  year={1990},
  publisher={IEEE}
}

@phdthesis{kadous2002temporal,
  title={Temporal Classification: Extending the Classification Paradigm to Multivariate Time Series},
  author={Kadous, Mohammed Waleed},
  year={2002},
  school={School of Computer Science \& Engineering, University of New South Wales}
}

@incollection{bridle1990probabilistic,
  title={Probabilistic interpretation of feedforward classification network outputs, with relationships to statistical pattern recognition},
  author={Bridle, John S},
  booktitle={Neurocomputing},
  pages={227--236},
  year={1990},
  publisher={Springer}
}

@incollection{lecun1998efficient,
  title={Efficient backprop},
  author={LeCun, Yann and Bottou, L{\'e}on and Orr, Genevieve B and M{\"u}ller, Klaus-Robert},
  booktitle={Neural networks: Tricks of the trade},
  pages={9--50},
  year={1998},
  publisher={Springer}
}

@article{schraudolph2002fast,
  title={Fast curvature matrix-vector products for second-order gradient descent},
  author={Schraudolph, Nicol N},
  journal={Neural computation},
  volume={14},
  number={7},
  pages={1723--1738},
  year={2002},
  publisher={MIT Press}
}